@Book{hopcroft,
  author =   {Hopcroft, John E. and Motwani, Rajeev and Ullman, Jeffrey D.},
  ALTeditor =    {},
  title =    {Einführung in die Automatentheorie, Formale Sprachen und Komplexitätstheorie},
  publisher =    {Pearson Education},
  year =   {2002},
  OPTkey =   {},
  OPTvolume =    {},
  OPTnumber =    {},
  OPTseries =    {},
  OPTaddress =   {},
  OPTedition =   {},
  OPTmonth =   {},
  OPTnote =    {},
  OPTannote =    {}
}

@Misc{geodesy,
  author = {Penstate College of Earth and Mineral Sciences},
  title = {Geodesy, Datums, and Coordinate Systems},
  howpublished = {\url{https://www.e-education.psu.edu/lidar/l3_p3.html}}
}

@Misc{wsg84,
  author = {Wikimedia Foundation},
  title = {World Geodetic System 1984},
  howpublished = {\url{http://en.wikipedia.org/wiki/World_Geodetic_System_1984}}
}

@Misc{georef,
  author = {ArcGIS 9.2},
  title = {Georeferencing and coordinate systems},
  howpublished = {\url{http://webhelp.esri.com/arcgisdesktop/9.2/index.cfm?TopicName=Georeferencing_and_coordinate_systems}}
}

@Misc{gpxwiki,
  author = {Wikimedia Foundation},
  title = {GPS Exchange Format},
  howpublished = {\url{http://en.wikipedia.org/wiki/GPS_Exchange_Format}}
}

@Misc{gpx,
  author = {Topografix},
  title = {GPX 1.1 Schema Documentation},
  howpublished = {\url{http://www.topografix.com/GPX/1/1/}}
}



@Book{leicagps,
  author =   {Leica Geosystems AG},
  ALTeditor =    {},
  title =    {Einführung in die GPS Vermessung (Global Positioning System)},
  howpublished = {\url{http://www.leica-geosystems.com/downloads123/zz/gps/gps_system500/manuals/GPSBasics_de.pdf}}
  
  publisher =    {Leica Geosystems AG},
  year =   {1999},
  OPTkey =   {},
  OPTvolume =    {},
  OPTnumber =    {},
  OPTseries =    {},
  OPTaddress =   {},
  OPTedition =   {},
  OPTmonth =   {},
  OPTnote =    {},
  OPTannote =    {}
}

@article{haversine,
    author = {Sinnott, R. W.},
    journal = {Sky and Telescope},
    keywords = {da},
    number = {2},
    pages = {159+},
    title = {{Virtues of the Haversine}},
    volume = {68},
    year = {1984}
}